@inproceedings{Perin:201806,
 doi = {10.1109/ISCC.2018.8538642},
 author = {Lucas Pandolfo Perin and Gustavo Zambonin
     and Douglas Marcelino Beppler Martins and Ricardo Custódio
     and Jean Everson Martina},
 title = {{Tuning the Winternitz Hash-Based Digital Signature Scheme}},
 year = 2018,
 month = jun,
 booktitle = {{2018 IEEE Symposium on Computers and Communications (ISCC)}},
 pages = {537--542},
}

@mastersthesis{Zambonin:201806,
 author = {Gustavo Zambonin},
 title = {{Otimização de desempenho do esquema de assinatura digital
     Winternitz}},
 year = 2018,
 month = jun,
 school = {Universidade Federal de Santa Catarina},
 type = {{Bachelor's thesis}},
 url = {https://repositorio.ufsc.br/handle/123456789/187875},
}

@inproceedings{Zambonin:201907,
 doi = {10.1007/978-3-030-23696-0_20},
 author = {Gustavo Zambonin and Matheus Silva Pinheiro Bittencourt
     and Ricardo Custódio},
 title = {{Handling Vinegar Variables to Shorten Rainbow Private Keys}},
 year = 2019,
 month = jul,
 booktitle = {{Progress in Cryptology -- AFRICACRYPT 2019}},
 pages = {391--408},
 editor = {Johannes Buchmann and Abderrahmane Nitaj and Tajjeeddine Rachidi},
 series = {Lecture Notes in Computer Science},
 volume = 11627,
}

@mastersthesis{Bittencourt:201911,
 author = {Matheus Silva Pinheiro Bittencourt},
 title = {{Reducing keys in Rainbow-like signature schemes}},
 year = 2019,
 month = nov,
 school = {Universidade Federal de Santa Catarina},
 type = {{Bachelor's thesis}},
 url = {https://repositorio.ufsc.br/handle/123456789/202514},
}

@mastersthesis{Zambonin:202009,
 author = {Gustavo Zambonin},
 title = {{On the randomness of Rainbow signatures}},
 year = 2020,
 month = sep,
 school = {Universidade Federal de Santa Catarina},
 url = {https://tede.ufsc.br/teses/PGCC1185-D.pdf},
}
