@misc{Zambonin:202412,
 author = {Gustavo Zambonin and Ricardo Custódio and Lucia Moura
    and Daniel Panario},
 title = {{Faster combinatorial primitives for efficient hash-based
    signatures}},
 note = {In preparation},
}

@misc{Silvano:202412,
 author = {Wellington Silvano and Lucas Mayr and Gustavo Zambonin
    and Ricardo Custódio},
 title = {{Balancing Transparency, Immutability, and Secrecy in Blockchain:
    Extending Shannon’s Secrecy}},
 note = {In preparation},
}

@misc{Kamers:202412,
 author = {Anthony Bernardo Kamers and Paola de Oliveira Abel
    and Thaís Bardini Idalino and Gustavo Zambonin and Jean Everson Martina},
 title = {{Practical algorithms and parameters for modification-tolerant
    signature scheme (extended version)}},
 note = {Submitted to the Journal of the Brazilian Computer Society},
}

@misc{Barbosa:202412,
 author = {João Pedro Cardoso Barbosa and Gustavo Zambonin
    and Thaís Bardini Idalino and Ricardo Custódio},
 title = {{From ElGamal to Lattice-Based: Enhancing the Helios Voting System
    with Quantum-Safe Cryptography}},
 note = {Accepted to ACNS 2025 (23rd International Conference on Applied
    Cryptography and Network Security)},
}

@misc{Martina:202412,
 author = {Jean Everson Martina and Larissa Gremelmaier Rosa
    and Gustavo Zambonin},
 title = {{From Cat Videos to Catﬁsh: The Case for a New Social Authentication
    Era}},
 note = {Accepted to SPW 2025 (Twenty-ninth International Workshop on Security
    Protocols)},
}

@inproceedings{Rosa:202504,
 doi = {10.1007/978-3-031-87775-9_17},
 author = {Larissa Gremelmaier Rosa and Gustavo Zambonin
    and Jean Everson Martina},
 title = {{Enhanced SIM Swap Security Practices via Ceremony Modeling}},
 year = 2025,
 month = apr,
 booktitle = {{Advanced Information Networking and Applications (AINA 2025)}},
 editor = {Leonard Barolli},
 pages = {201--211},
 series = {Lecture Notes on Data Engineering and Communications
    Technologies},
 volume = 249,
 note = {\url{https://doi.org/10.1007/978-3-031-87775-9_17}},
}

@inproceedings{Kamers:202409,
 doi = {10.5753/sbseg.2024.241677},
 author = {Anthony Bernardo Kamers and Paola de Oliveira Abel
    and Thaís Bardini Idalino and Gustavo Zambonin and Jean Everson Martina},
 title = {{Practical algorithms and parameters for modification-tolerant
    signature scheme}},
 year = 2024,
 month = sep,
 booktitle = {{Proceedings of the 24th Brazilian Symposium on Information and
    Computational Systems Security (SBSeg 2024)}},
 editor = {Altair Santin and Raphael Machado},
 pages = {522--537},
 note = {\url{https://doi.org/10.5753/sbseg.2024.241677}},
}

@article{Biage:202401,
 doi = {10.1109/ACCESS.2024.3358670},
 author = {Gustavo de Castro Biage and Gustavo Zambonin
    and Thaís Bardini Idalino and Daniel Panario and Ricardo Custódio},
 title = {{A concrete LIP-based KEM with simple lattices}},
 year = 2024,
 month = jan,
 journal = {{IEEE Access}},
 volume = 12,
 pages = {16408--16420},
 note = {\url{https://doi.org/10.1109/ACCESS.2024.3358670}},
}

@article{Mayr:202309,
 doi = {10.3390/info14100523},
 author = {Lucas Mayr and Lucas Palma and Gustavo Zambonin
    and Wellington Silvano and Ricardo Custódio},
 title = {{Monitoring key pair usage through distributed ledgers and one-time
    signatures}},
 year = 2023,
 month = sep,
 journal = {{Information}},
 volume = 14,
 number = 10,
 pages = {523--537},
 note = {\url{https://doi.org/10.3390/info14100523}},
}

@article{Perin:202106,
 doi = {10.1007/s13389-021-00264-9},
 author = {Lucas Pandolfo Perin and Gustavo Zambonin and Ricardo Custódio
    and Lucia Moura and Daniel Panario},
 title = {{Improved constant-sum encodings for hash-based signatures}},
 year = 2021,
 month = jun,
 journal = {{Journal of Cryptographic Engineering}},
 volume = 11,
 number = 4,
 pages = {329--351},
 note = {\url{https://doi.org/10.1007/s13389-021-00264-9}},
}

@inproceedings{Zambonin:201907,
 doi = {10.1007/978-3-030-23696-0_20},
 author = {Gustavo Zambonin and Matheus Silva Pinheiro Bittencourt
     and Ricardo Custódio},
 title = {{Handling Vinegar Variables to Shorten Rainbow Private Keys}},
 year = 2019,
 month = jul,
 booktitle = {{Progress in Cryptology -- AFRICACRYPT 2019}},
 editor = {Johannes Buchmann and Abderrahmane Nitaj and Tajjeeddine Rachidi},
 pages = {391--408},
 series = {Lecture Notes in Computer Science},
 volume = 11627,
 note = {\url{https://doi.org/10.1007/978-3-030-23696-0_20}},
}

@inproceedings{Perin:201806,
 doi = {10.1109/ISCC.2018.8538642},
 author = {Lucas Pandolfo Perin and Gustavo Zambonin
    and Douglas Marcelino Beppler Martins and Ricardo Custódio
    and Jean Everson Martina},
 title = {{Tuning the Winternitz Hash-Based Digital Signature Scheme}},
 year = 2018,
 month = jun,
 booktitle = {{2018 IEEE Symposium on Computers and Communications (ISCC)}},
 pages = {537--542},
 note = {\url{https://doi.org/10.1109/ISCC.2018.8538642}},
}
